<record><leader>00000cas a22000007a 4500</leader><controlfield tag="001">17358719</controlfield><controlfield tag="008">880119d19361940ohuwr ne      0    0eng d</controlfield><datafield ind1=" " ind2=" " tag="010"><subfield code="a">sn 88078187 </subfield></datafield><datafield ind1=" " ind2=" " tag="040"><subfield code="a">ONP</subfield><subfield code="b">eng</subfield><subfield code="c">ONP</subfield><subfield code="d">OCLCQ</subfield></datafield><datafield ind1=" " ind2=" " tag="042"><subfield code="a">msc</subfield></datafield><datafield ind1="0" ind2=" " tag="130"><subfield code="a">Zanesville herald (Zanesville, Ohio : 1936)</subfield></datafield><datafield ind1="1" ind2="4" tag="245"><subfield code="a">The Zanesville herald.</subfield></datafield><datafield ind1=" " ind2=" " tag="260"><subfield code="a">Zanesville, Ohio :</subfield><subfield code="b">Roy R. Nowell,</subfield><subfield code="c">1936-1940.</subfield></datafield><datafield ind1=" " ind2=" " tag="310"><subfield code="a">Weekly</subfield></datafield><datafield ind1="0" ind2=" " tag="362"><subfield code="a">Vol. 1, no. 1 (Aug. 28, 1936)-v. 4, no. 27 (Mar. 1, 1940).</subfield></datafield><datafield ind1=" " ind2=" " tag="752"><subfield code="a">United States</subfield><subfield code="b">Ohio</subfield><subfield code="c">Muskingum</subfield><subfield code="d">Zanesville.</subfield></datafield><datafield ind1="0" ind2="4" tag="785"><subfield code="t">Zanesville news</subfield><subfield code="w">(DLC)sn 88078188</subfield></datafield></record>